
@article{frank2016using,
  title={Using tablets to collect data from young children},
  author={Frank, Michael C and Sugarman, Elise and Horowitz, Alexandra C and Lewis, Molly L and Yurovsky, Daniel},
  journal={Journal of Cognition and Development},
  volume={17},
  number={1},
  pages={1--17},
  year={2016},
  publisher={Taylor \& Francis}
}

@article{sauerland2012computation,
  title={The computation of scalar implicatures: Pragmatic, lexical or grammatical?},
  author={Sauerland, Uli},
  journal={Language and Linguistics Compass},
  volume={6},
  number={1},
  pages={36--49},
  year={2012},
  publisher={Wiley Online Library}
}

@article{bergen2012speaker,
  title={Speaker knowledge influences the comprehension of pragmatic inferences.},
  author={Bergen, Leon and Grodner, Daniel J},
  journal={Journal of Experimental Psychology: Learning, Memory, and Cognition},
  volume={38},
  number={5},
  pages={1450},
  year={2012},
  publisher={American Psychological Association}
}

@article{kampa2023children,
  title={Children and adults use pragmatic principles to interpret non-linguistic symbols},
  author={Kampa, Alyssa and Papafragou, Anna},
  journal={Journal of Memory and Language},
  volume={131},
  pages={104429},
  year={2023},
  publisher={Elsevier}
}

@book{trommershauser2011sensory,
  title={Sensory cue integration},
  author={Trommershauser, Julia and Kording, Konrad and Landy, Michael S},
  year={2011},
  publisher={Oxford University Press}
}

@article{heller2016perspective,
  title={Perspective-taking behavior as the probabilistic weighing of multiple domains},
  author={Heller, Daphna and Parisien, Christopher and Stevenson, Suzanne},
  journal={Cognition},
  volume={149},
  pages={104--120},
  year={2016},
  publisher={Elsevier}
}

@article{smith2017multimodal,
  title={The multimodal nature of spoken word processing in the visual world: Testing the predictions of alternative models of multimodal integration},
  author={Smith, Alastair C and Monaghan, Padraic and Huettig, Falk},
  journal={Journal of Memory and Language},
  volume={93},
  pages={276--303},
  year={2017},
  publisher={Elsevier}
}

@article{mcclelland2006there,
  title={Are there interactive processes in speech perception?},
  author={McClelland, James L and Mirman, Daniel and Holt, Lori L},
  journal={Trends in Cognitive Sciences},
  volume={10},
  number={8},
  pages={363--369},
  year={2006},
  publisher={Elsevier}
}

@article{bahrick2000intersensory,
  title={Intersensory redundancy guides attentional selectivity and perceptual learning in infancy.},
  author={Bahrick, Lorraine E and Lickliter, Robert},
  journal={Developmental Psychology},
  volume={36},
  number={2},
  pages={190},
  year={2000},
  publisher={American Psychological Association}
}

@article{fourtassi2020optimal,
  title={How optimal is word recognition under multimodal uncertainty?},
  author={Fourtassi, Abdellah and Frank, Michael C},
  journal={Cognition},
  volume={199},
  pages={104092},
  year={2020},
  publisher={Elsevier}
}

@article{mozuraitis2018modeling,
  title={Modeling reference production as the probabilistic combination of multiple perspectives},
  author={Mozuraitis, Mindaugas and Stevenson, Suzanne and Heller, Daphna},
  journal={Cognitive science},
  volume={42},
  pages={974--1008},
  year={2018},
  publisher={Wiley Online Library}
}

@article{griffiths2006optimal,
  title={Optimal predictions in everyday cognition},
  author={Griffiths, Thomas L and Tenenbaum, Joshua B},
  journal={Psychological Science},
  volume={17},
  number={9},
  pages={767--773},
  year={2006},
  publisher={SAGE Publications Sage CA: Los Angeles, CA}
}

@article{bohn2021great,
  title={Great ape communication as contextual social inference: a computational modeling perspective},
   url={https://psyarxiv.com/yd9k4/},
   DOI={10.31234/osf.io/yd9k4},
  author={Bohn, Manuel and Liebal, Katja and Tessler, Michael Henry},
  year={2021},
  journal={PsyArXiv}
}

@article{franke2016probabilistic,
  title={Probabilistic pragmatics, or why Bayes’ rule is probably important for pragmatics},
  author={Franke, Michael and J{\"a}ger, Gerhard},
  journal={Zeitschrift f{\"u}r Sprachwissenschaft},
  volume={35},
  number={1},
  pages={3--44},
  year={2016},
  publisher={De Gruyter Mouton}
}

@article{scontras2021practical,
  title={A practical introduction to the Rational Speech Act modeling framework},
  author={Scontras, Gregory and Tessler, Michael Henry and Franke, Michael},
  journal={arXiv},
  year={2021}
}

@inproceedings{shukla2019should,
  title={What Should I Ask? Using Conversationally Informative Rewards for Goal-oriented Visual Dialog.},
  author={Shukla, Pushkar and Elmadjian, Carlos and Sharan, Richika and Kulkarni, Vivek and Turk, Matthew and Wang, William Yang},
  booktitle={Proceedings of the 57th Annual Meeting of the Association for Computational Linguistics},
  pages={6442--6451},
  year={2019}
}

@inproceedings{anderson2021tell,
  title={Tell me everything you know: a conversation update system for the rational speech acts framework},
  author={Anderson, Carolyn Jane},
  booktitle={Proceedings of the Society for Computation in Linguistics 2021},
  pages={244--253},
  year={2021}
}

@incollection{clark1991grounding,
  title={Grounding in communication.},
  author={Clark, Herbert H and Brennan, Susan E},
  editor  = {L. B. Resnick and J. M. Levine, and S. D. Teasley},
  booktitle={Perspectives on socially shared cognition.},
  pages={127--149},
  year={1991},
  publisher={American Psychological Association}
}


@article{arkel2020simple,
  title={A simple repair mechanism can alleviate computational demands of pragmatic reasoning: simulations and complexity analysis},
  author={Arkel, J van and Woensdregt, MS and Dingemanse, Mark and Blokpoel, Mark},
  year={2020},
  publisher={Sl: Association for Computational Linguistics}
}

@article{chater1999ten,
  title={Ten years of the rational analysis of cognition},
  author={Chater, Nick and Oaksford, Mike},
  journal={Trends in Cognitive Sciences},
  volume={3},
  number={2},
  pages={57--65},
  year={1999},
  publisher={Elsevier}
}

@article{yuille2006vision,
  title={Vision as Bayesian inference: analysis by synthesis?},
  author={Yuille, Alan and Kersten, Daniel},
  journal={Trends in Cognitive Sciences},
  volume={10},
  number={7},
  pages={301--308},
  year={2006},
  publisher={Elsevier}
}

@inproceedings{ryskin2020probabilistic,
  title={Probabilistic weighting of perspectives in dyadic communication},
  author={Ryskin, R and Stevenson, S and Heller, Daphna},
  booktitle={Proceedings of the 42nd annual conference of the Cognitive Science Society},
  year={2020}
}

@article{bergen2016pragmatic,
  title={Pragmatic reasoning through semantic inference},
  author={Bergen, Leon and Levy, Roger and Goodman, Noah},
  journal={Semantics and Pragmatics},
  volume={9},
  year={2016}
}


@article{mozuraitis2015privileged,
  title={Privileged versus shared knowledge about object identity in real-time referential processing},
  author={Mozuraitis, Mindaugas and Chambers, Craig G and Daneman, Meredyth},
  journal={Cognition},
  volume={142},
  pages={148--165},
  year={2015},
  publisher={Elsevier}
}

@article{brown2009partner,
  title={Partner-specific interpretation of maintained referential precedents during interactive dialog},
  author={Brown-Schmidt, Sarah},
  journal={Journal of memory and language},
  volume={61},
  number={2},
  pages={171--190},
  year={2009},
  publisher={Elsevier}
}

@article{csibra2009natural,
  title={Natural pedagogy},
  author={Csibra, Gergely and Gergely, Gy{\"o}rgy},
  journal={Trends in Cognitive Sciences},
  volume={13},
  number={4},
  pages={148--153},
  year={2009},
  publisher={Elsevier}
}

@article{bohn2021young,
  title={How young children integrate information sources to infer the meaning of words},
  author={Bohn, Manuel and Tessler, Michael Henry and Merrick, Megan and Frank, Michael C},
  journal={Nature Human Behaviour},
  year={2021},
  publisher={Nature Publishing Group}
}

@article{kuhlen2013language,
  title={Language in dialogue: When confederates might be hazardous to your data},
  author={Kuhlen, Anna K and Brennan, Susan E},
  journal={Psychonomic bulletin \& review},
  volume={20},
  number={1},
  pages={54--72},
  year={2013},
  publisher={Springer}
}

@article{graham2017words,
  title={Words are not enough: how preschoolers’ integration of perspective and emotion informs their referential understanding},
  author={Graham, Susan A and San Juan, Valerie and Khu, Melanie},
  journal={Journal of Child Language},
  volume={44},
  number={3},
  pages={500--526},
  year={2017},
  publisher={Cambridge University Press}
}

@article{graham2014s,
  title={That's not what you said earlier: preschoolers expect partners to be referentially consistent},
  author={Graham, Susan A and Sedivy, Julie and Khu, Melanie},
  journal={Journal of Child Language},
  volume={41},
  number={1},
  pages={34--50},
  year={2014},
  publisher={Cambridge University Press}
}

@article{matthews2010s,
  title={What's in a manner of speaking? Children's sensitivity to partner-specific referential precedents.},
  author={Matthews, Danielle and Lieven, Elena and Tomasello, Michael},
  journal={Developmental Psychology},
  volume={46},
  number={4},
  pages={749},
  year={2010},
  publisher={American Psychological Association}
}

@article{matthews2006effect,
  title={The effect of perceptual availability and prior discourse on young children's use of referring expressions},
  author={Matthews, Danielle and Lieven, Elena and Theakston, Anna and Tomasello, Michael},
  journal={Applied Psycholinguistics},
  volume={27},
  number={3},
  pages={403--422},
  year={2006},
  publisher={Cambridge University Press}
}

@article{khu2020preschoolers,
  title={Preschoolers Flexibly Shift Between Speakers' Perspectives During Real-Time Language Comprehension},
  author={Khu, Melanie and Chambers, Craig G and Graham, Susan A},
  journal={Child development},
  volume={91},
  number={3},
  pages={e619--e634},
  year={2020},
  publisher={Wiley Online Library}
}


@article{nadig2002evidence,
  title={Evidence of perspective-taking constraints in children's on-line reference resolution},
  author={Nadig, Aparna S and Sedivy, Julie C},
  journal={Psychological Science},
  volume={13},
  number={4},
  pages={329--336},
  year={2002},
  publisher={SAGE Publications Sage CA: Los Angeles, CA}
}

@article{nilsen2009preschoolers,
  title={Preschoolers' word mapping: The interplay between labelling context and specificity of speaker information},
  author={Nilsen, Elizabeth S and Graham, Susan A and Pettigrew, Tamara},
  journal={Journal of child language},
  volume={36},
  number={3},
  pages={673--684},
  year={2009},
  publisher={Cambridge University Press}
}

@article{hanna2003effects,
  title={The effects of common ground and perspective on domains of referential interpretation},
  author={Hanna, Joy E and Tanenhaus, Michael K and Trueswell, John C},
  journal={Journal of Memory and Language},
  volume={49},
  number={1},
  pages={43--61},
  year={2003},
  publisher={Elsevier}
}

@article{lee2001mutual,
  title={Mutual knowledge, background knowledge and shared beliefs: Their roles in establishing common ground},
  author={Lee, Benny PH},
  journal={Journal of pragmatics},
  volume={33},
  number={1},
  pages={21--44},
  year={2001},
  publisher={Elsevier}
}


@article{potts2016embedded,
  title={Embedded implicatures as pragmatic inferences under compositional lexical uncertainty},
  author={Potts, Christopher and Lassiter, Daniel and Levy, Roger and Frank, Michael C},
  journal={Journal of Semantics},
  volume={33},
  number={4},
  pages={755--802},
  year={2016},
  publisher={Oxford University Press}
}

@article{cohn2018pragmatically,
  title={Pragmatically informative image captioning with character-level inference},
  author={Cohn-Gordon, Reuben and Goodman, Noah and Potts, Christopher},
  journal={arXiv},
  year={2018}
}

@article{monroe2017colors,
  title={Colors in context: A pragmatic neural model for grounded language understanding},
  author={Monroe, Will and Hawkins, Robert XD and Goodman, Noah D and Potts, Christopher},
  journal={Transactions of the Association for Computational Linguistics},
  volume={5},
  pages={325--338},
  year={2017},
  publisher={MIT Press}
}

@article{ozyurek2007line,
  title={On-line integration of semantic information from speech and gesture: Insights from event-related brain potentials},
  author={{\"O}zy{\"u}rek, Asl{\i} and Willems, Roel M and Kita, Sotaro and Hagoort, Peter},
  journal={Journal of Cognitive Neuroscience},
  volume={19},
  number={4},
  pages={605--616},
  year={2007},
  publisher={MIT Press}
}

@article{hagoort2004integration,
  title={Integration of word meaning and world knowledge in language comprehension},
  author={Hagoort, Peter and Hald, Lea and Bastiaansen, Marcel and Petersson, Karl Magnus},
  journal={Science},
  volume={304},
  number={5669},
  pages={438--441},
  year={2004},
  publisher={American Association for the Advancement of Science}
}

@article{kamide2003integration,
  title={Integration of syntactic and semantic information in predictive processing: Cross-linguistic evidence from German and English},
  author={Kamide, Yuki and Scheepers, Christoph and Altmann, Gerry TM},
  journal={Journal of Psycholinguistic Research},
  volume={32},
  number={1},
  pages={37--55},
  year={2003},
  publisher={Springer}
}

@inproceedings{wang2016learning,
  title={Learning language games through interaction},
  author={Wang, Sida and Liang, Percy and Manning, Christopher D},
  booktitle={54th Annual Meeting of the Association for Computational Linguistics, ACL 2016},
  pages={2368--2378},
  year={2016},
  organization={Association for Computational Linguistics (ACL)}
}

@article{tanenhaus1995integration,
  title={Integration of visual and linguistic information in spoken language comprehension},
  author={Tanenhaus, Michael K and Spivey-Knowlton, Michael J and Eberhard, Kathleen M and Sedivy, Julie C},
  journal={Science},
  volume={268},
  number={5217},
  pages={1632--1634},
  year={1995},
  publisher={American Association for the Advancement of Science}
}

@article{bohn_le_peloquin_koymen_frank_2020,
  title={Children's interpretation of ambiguous pronouns based on prior discourse},
  author={Bohn, Manuel and Le, Khuyen Nha and Peloquin, Benjamin and K{\"o}ymen, Bahar and Frank, Michael C},
  journal={Developmental science},
  volume={24},
  number={3},
  pages={e13049},
  year={2021},
  publisher={Wiley Online Library}
}

@article{su2015interpretation,
  title={Interpretation of logical words in Mandarin-speaking children with autism spectrum disorders: Uncovering knowledge of semantics and pragmatics},
  author={Su, Yi Esther and Su, Lin-Yan},
  journal={Journal of Autism and Developmental Disorders},
  volume={45},
  number={7},
  pages={1938--1950},
  year={2015},
  publisher={Springer}
}

@article{zhao2021development,
  title={The development of quantity implicatures in mandarin-speaking children},
  author={Zhao, Shuyan and Ren, Jie and Frank, Michael C and Zhou, Peng},
  journal={Language Learning and Development},
  pages={1--23},
  year={2021},
  publisher={Taylor \& Francis}
}

@article{fortier2018ad,
  title={Ad-hoc pragmatic implicatures among Shipibo-Konibo children in the Peruvian Amazon},
  author={Fortier, Martin and Kellier, Danielle and Flecha, Maria Fern{\'a}ndez and Frank, Michael C},
  year={2018},
  publisher={PsyArXiv}
}


@article{akhtar1996role,
  title={The role of discourse novelty in early word learning},
  author={Akhtar, Nameera and Carpenter, Malinda and Tomasello, Michael},
  journal={Child Development},
  volume={67},
  number={2},
  pages={635--645},
  year={1996},
  publisher={Wiley Online Library}
}

@article{bohn2023individual,
  title={An individual differences perspective on pragmatic abilities in the preschool years},
  author={Bohn, Manuel and Tessler, Michael Henry and Kordt, Clara and Hausmann, Tom and Frank, Michael C},
  journal={Developmental Science},
  volume={26},
  number={6},
  pages={e13401},
  year={2023},
  publisher={Wiley Online Library}
}

@article{yoon2019role,
  title={The role of salience in young children’s processing of ad hoc implicatures},
  author={Yoon, Erica J and Frank, Michael C},
  journal={Journal of Experimental Child Psychology},
  volume={186},
  pages={99--116},
  year={2019},
  publisher={Elsevier}
}

@article{skordos2016children,
  title={Children’s derivation of scalar implicatures: Alternatives and relevance},
  author={Skordos, Dimitrios and Papafragou, Anna},
  journal={Cognition},
  volume={153},
  pages={6--18},
  year={2016},
  publisher={Elsevier}
}

@article{horowitz2018trouble,
  title={The trouble with quantifiers: Exploring children's deficits in scalar implicature},
  author={Horowitz, Alexandra C and Schneider, Rose M and Frank, Michael C},
  journal={Child Development},
  volume={89},
  number={6},
  pages={e572--e593},
  year={2018},
  publisher={Wiley Online Library}
}


@article{noveck2001children,
  title={When children are more logical than adults: Experimental investigations of scalar implicature},
  author={Noveck, Ira A},
  journal={Cognition},
  volume={78},
  number={2},
  pages={165--188},
  year={2001},
  publisher={Elsevier}
}

@article{o2001two,
  title={Two-year-old children's sensitivity to the referential (in) efficacy of their own pointing gestures},
  author={O'Neill, Daniela K and Topolovec, Jane C},
  journal={Journal of Child Language},
  volume={28},
  number={1},
  pages={1--28},
  year={2001},
  publisher={Cambridge University Press}
}

@article{vouloumanos2012twelve,
  title={Twelve-month-old infants recognize that speech can communicate unobservable intentions},
  author={Vouloumanos, Athena and Onishi, Kristine H and Pogue, Amanda},
  journal={Proceedings of the National Academy of Sciences},
  volume={109},
  number={32},
  pages={12933--12937},
  year={2012},
  publisher={National Acad Sciences}
}

@article{bohn2019pervasive,
  title={The pervasive role of pragmatics in early language},
  journal={Annual Review of Developmental Psychology},
  author={Bohn, Manuel and Frank, Michael C.},
journal = {Annual Review of Developmental Psychology},
volume = {1},
number = {1},
pages = {223-249},
year = {2019},

}

@book{enfield2009anatomy,
  title={The anatomy of meaning: Speech, gesture, and composite utterances},
  author={Enfield, Nicholas J},
  number={8},
  year={2009},
  publisher={Cambridge University Press}
}

@inproceedings{tessler2017warm,
  title={Warm (for winter): Comparison class understanding in vague language},
  author={Tessler, Michael Henry and Lopez-Brau, Michael and Goodman, Noah D},
  booktitle={Proceedings of the 39th Annual Conference of the
                  Cognitive Science Society},
  year={2017}
}

@inproceedings{degen2015wonky,
  title={Wonky worlds: Listeners revise world knowledge when utterances are odd.},
  author={Degen, Judith and Tessler, Michael Henry and Goodman, Noah D},
  booktitle={Proceedings of the 37th Annual Conference of the Cognitive Science Society},
  year={2015}
}

@book{levinson2000presumptive,
  title={Presumptive meanings: The theory of generalized conversational implicature},
  author={Levinson, Stephen C},
  year={2000},
  publisher={Cambridge, MA: MIT press}
}

@book{clark2009first,
  title={First language acquisition},
  author={Clark, Eve V},
  year={2009},
  publisher={Cambridge: Cambridge University Press}
}


@incollection{clark2015common,
  title={Common Ground},
  author={Clark, Eve V},
  journal={The handbook of language emergence},
  editor  = {B MacWhinney and W O'Grady},
  volume={87},
  pages={328--353},
  year={2015},
  chapter = 15,
  publisher={John Wiley \& Sons}
}


@article{bohn2018common,
  title={Common ground and development},
  author={Bohn, Manuel and K{\"o}ymen, Bahar},
  journal={Child Development Perspectives},
  volume={12},
  number={2},
  pages={104--108},
  year={2018},
  publisher={Wiley Online Library}
}

@article{barner2011accessing,
  title={Accessing the unsaid: The role of scalar alternatives in children’s pragmatic inference},
  author={Barner, David and Brooks, Neon and Bale, Alan},
  journal={Cognition},
  volume={118},
  number={1},
  pages={84--93},
  year={2011},
  publisher={Elsevier}
}

@article{sullivan2019discourse,
  title={Discourse coherence as a cue to reference in word learning: Evidence for discourse bootstrapping},
  author={Sullivan, Jessica and Boucher, Juliana and Kiefer, Reina J and Williams, Katherine and Barner, David},
  journal={Cognitive Science},
  volume={43},
  number={1},
  pages={e12702},
  year={2019},
  publisher={Wiley Online Library}
}

@article{saylor2009preschoolers,
  title={Preschoolers use speakers’ preferences to learn words},
  author={Saylor, Megan M and Sabbagh, Mark A and Fortuna, Alexandra and Troseth, Georgene},
  journal={Cognitive Development},
  volume={24},
  number={2},
  pages={125--132},
  year={2009},
  publisher={Elsevier}
}


@article{fazly2010probabilistic,
  title={A probabilistic computational model of cross-situational word learning},
  author={Fazly, Afsaneh and Alishahi, Afra and Stevenson, Suzanne},
  journal={Cognitive Science},
  volume={34},
  number={6},
  pages={1017--1063},
  year={2010},
  publisher={Wiley Online Library}
}

@article{frank2009using,
  title={Using speakers' referential intentions to model early cross-situational word learning},
  author={Frank, Michael C and Goodman, Noah D and Tenenbaum, Joshua B},
  journal={Psychological Science},
  volume={20},
  number={5},
  pages={578--585},
  year={2009},
  publisher={SAGE Publications Sage CA: Los Angeles, CA}
}

@book{lee2014bayesian,
  title={Bayesian cognitive modeling: A practical course},
  author={Lee, Michael D and Wagenmakers, Eric-Jan},
  year={2014},
  publisher={Cambridge University Press}
}

@article{xu2007word,
  title={Word learning as Bayesian inference.},
  author={Xu, Fei and Tenenbaum, Joshua B},
  journal={Psychological review},
  volume={114},
  number={2},
  pages={245},
  year={2007},
  publisher={American Psychological Association}
}

@article{gagliardi2017modeling,
  title={Modeling statistical insensitivity: Sources of suboptimal behavior},
  author={Gagliardi, Annie and Feldman, Naomi H and Lidz, Jeffrey},
  journal={Cognitive Science},
  volume={41},
  number={1},
  pages={188--217},
  year={2017},
  publisher={Wiley Online Library}
}

@inproceedings{savinelli2017modeling,
  title={Modeling scope ambiguity resolution as pragmatic inference: Formalizing differences in child and adult behavior.},
  author={Savinelli, K and Scontras, G and Pearl, L},
  booktitle={Proceedings of the 39th Annual Conference of the Cognitive Science Society},
  year={2017}
}

@article{bohn2022predicting,
  title={Predicting pragmatic cue integration in adults’ and children’s inferences about novel word meanings.},
  author={Bohn, Manuel and Tessler, Michael Henry and Merrick, Megan and Frank, Michael C},
  journal={Journal of Experimental Psychology: General},
  volume={151},
  number={11},
  pages={2927},
  year={2022},
  publisher={American Psychological Association}
}

 @book{grice1991studies,
  title={Studies in the way of words},
  author={Grice, H Paul},
  year={1991},
  publisher={Cambridge, MA: Harvard University Press}
}

@article{frank2014inferring,
  title={Inferring word meanings by assuming that speakers are informative},
  author={Frank, Michael C and Goodman, Noah D},
  journal={Cognitive psychology},
  volume={75},
  pages={80--96},
  year={2014},
  publisher={Elsevier}
}

@article{frank2012predicting,
  title={Predicting pragmatic reasoning in language games},
  author={Frank, Michael C and Goodman, Noah D},
  journal={Science},
  volume={336},
  number={6084},
  pages={998--998},
  year={2012},
  publisher={American Association for the Advancement of Science}
}


@article{kampa2020four,
  title={Four-year-olds incorporate speaker knowledge into pragmatic inferences},
  author={Kampa, Alyssa and Papafragou, Anna},
  journal={Developmental science},
  volume={23},
  number={3},
  pages={e12920},
  year={2020},
  publisher={Wiley Online Library}
}

@article{heintz2023expression,
  title={Expression unleashed: The evolutionary and cognitive foundations of human communication},
  author={Heintz, Christophe and Scott-Phillips, Thom},
  journal={Behavioral and brain sciences},
  volume={46},
  pages={e1},
  year={2023},
  publisher={Cambridge University Press}
}

@article{kampa2024preschool,
  title={Preschool children generate quantity inferences from both words and pictures},
  author={Kampa, Alyssa and Richards, Catherine and Papafragou, Anna},
  journal={Journal of Experimental Child Psychology},
  volume={239},
  pages={105805},
  year={2024},
  publisher={Elsevier}
}

@article{breheny2013taking,
  title={Taking the epistemic step: Toward a model of on-line access to conversational implicatures},
  author={Breheny, Richard and Ferguson, Heather J and Katsos, Napoleon},
  journal={Cognition},
  volume={126},
  number={3},
  pages={423--440},
  year={2013},
  publisher={Elsevier}
}

@article{wilson2023role,
  title={The role of perspective-taking in children’s quantity implicatures},
  author={Wilson, Elspeth and Lawrence, Rebecca and Katsos, Napoleon},
  journal={Language Learning and Development},
  volume={19},
  number={2},
  pages={167--187},
  year={2023},
  publisher={Taylor \& Francis}
}

@article{goodman2013knowledge,
  title={Knowledge and implicature: Modeling language understanding as social cognition},
  author={Goodman, Noah D and Stuhlm{\"u}ller, Andreas},
  journal={Topics in cognitive science},
  volume={5},
  number={1},
  pages={173--184},
  year={2013},
  publisher={Wiley Online Library}
}

@article{goodman2016pragmatic,
  title={Pragmatic language interpretation as probabilistic inference},
  author={Goodman, Noah D and Frank, Michael C},
  journal={Trends in cognitive sciences},
  volume={20},
  number={11},
  pages={818--829},
  year={2016},
  publisher={Elsevier}
}

@book{bruner1983child,
  title={Child's talk: Learning to use language},
  author={Bruner, Jerome},
  year={1983},
  publisher={New York: Norton}
}

@article{grosse201021,
  title={21-Month-olds understand the cooperative logic of requests},
  author={Grosse, Gerlind and Moll, Henrike and Tomasello, Michael},
  journal={Journal of Pragmatics},
  volume={42},
  number={12},
  pages={3377--3383},
  year={2010},
  publisher={Elsevier}
}


@article{ganea2007infants,
  title={Infants' use of shared linguistic information to clarify ambiguous requests},
  author={Ganea, Patricia A and Saylor, Megan M},
  journal={Child Development},
  volume={78},
  number={2},
  pages={493--502},
  year={2007},
  publisher={Wiley Online Library}
}

@book{tomasello2009constructing,
  title={Constructing a language},
  author={Tomasello, Michael},
  year={2009},
  publisher={Cambridge, MA: Harvard University Press}
}

@book{clark1996using,
  title={Using language},
  author={Clark, Herbert H},
  year={1996},
  publisher={Cambridge: Cambridge University Press}
}
@article{grice1957meaning,
  title={Meaning},
  author={Grice, H Paul},
  journal={The philosophical review},
  volume={66},
  number={3},
  pages={377--388},
  year={1957},
  publisher={JSTOR}
}

@article{dennett1983intentional,
  title={Intentional systems in cognitive ethology: The “Panglossian paradigm” defended},
  author={Dennett, Daniel C},
  journal={Behavioral and Brain Sciences},
  volume={6},
  number={3},
  pages={343--355},
  year={1983},
  publisher={Cambridge University Press}
}

@article{townsend2017exorcising,
  title={Exorcising G rice's ghost: An empirical approach to studying intentional communication in animals},
  author={Townsend, Simon W and Koski, Sonja E and Byrne, Richard W and Slocombe, Katie E and Bickel, Balthasar and Boeckle, Markus and Braga Goncalves, Ines and Burkart, Judith M and Flower, Tom and Gaunet, Florence and others},
  journal={Biological Reviews},
  volume={92},
  number={3},
  pages={1427--1433},
  year={2017},
  publisher={Wiley Online Library}
}

@book{sperber2001relevance,
  title={Relevance: Communication and cognition},
  author={Sperber, Dan and Wilson, Deirdre},
  edition  = 2,
  year={2001},
  publisher={Cambridge, MA: Blackwell Publishers}
}
@book{tomasello2008origins,
  title={Origins of human communication},
  author={Tomasello, Michael},
  year={2008},
  publisher={Cambridge, MA: MIT press}
}


@book{marr1982vision,
  author = {Marr, David},
  publisher = {San Francisco, CA: W.H. Freeman},
  title = {Vision: A Computational Investigation into the Human Representation and Processing of Visual Information},
  year = 1982
}

@article{galati2021retained,
  title={What is retained about common ground? Distinct effects of linguistic and visual co-presence},
  author={Galati, Alexia and Brennan, Susan E},
  journal={Cognition},
  volume={215},
  pages={104809},
  year={2021},
  publisher={Elsevier}
}

@article{yoon2014adjusting,
  title={Adjusting conceptual pacts in three-party conversation.},
  author={Yoon, Si On and Brown-Schmidt, Sarah},
  journal={Journal of Experimental Psychology: Learning, Memory, and Cognition},
  volume={40},
  number={4},
  pages={919},
  year={2014},
  publisher={American Psychological Association}
}

@article{knutsen2014capturing,
  title={Capturing egocentric biases in reference reuse during collaborative dialogue},
  author={Knutsen, Dominique and Le Bigot, Ludovic},
  journal={Psychonomic Bulletin \& Review},
  volume={21},
  number={6},
  pages={1590--1599},
  year={2014},
  publisher={Springer}
}

@article{horton2016revisiting,
  title={Revisiting the memory-based processing approach to common ground},
  author={Horton, William S and Gerrig, Richard J},
  journal={Topics in Cognitive Science},
  volume={8},
  number={4},
  pages={780--795},
  year={2016},
  publisher={Wiley Online Library}
}

@article{wilkes1992coordinating,
  title={Coordinating beliefs in conversation},
  author={Wilkes-Gibbs, Deanna and Clark, Herbert H},
  journal={Journal of Memory and Language},
  volume={31},
  number={2},
  pages={183--194},
  year={1992},
  publisher={Elsevier}
}

@article{moore2017social,
  title={Social cognition, stag hunts, and the evolution of language},
  author={Moore, Richard},
  journal={Biology \& Philosophy},
  volume={32},
  number={6},
  pages={797--818},
  year={2017},
  publisher={Springer}
}

@article{diesendruck2004two,
  title={Two-year-olds’ sensitivity to speakers’ intent: an alternative account of Samuelson and Smith},
  author={Diesendruck, Gil and Markson, Lori and Akhtar, Nameera and Reudor, Ayelet},
  journal={Developmental Science},
  volume={7},
  number={1},
  pages={33--41},
  year={2004},
  publisher={Wiley Online Library}
}

@incollection{landy2011ideal,
  title={Ideal-observer models of cue integration},
  author={Landy, Michael S and Banks, Martin S and Knill, David C},
  journal={Sensory cue integration},
  editor  = {C Moore and Philip J Dunham},
  pages={5–29},
  year={2011},
  publisher={Oxford University Press}
}

@article{moore2015two,
  title={Two-year-old children but not domestic dogs understand communicative intentions without language, gestures, or gaze},
  author={Moore, Richard and Mueller, Bettina and Kaminski, Juliane and Tomasello, Michael},
  journal={Developmental Science},
  volume={18},
  number={2},
  pages={232--242},
  year={2015},
  publisher={Wiley Online Library}
}

@article{ernst2002humans,
  title={Humans integrate visual and haptic information in a statistically optimal fashion},
  author={Ernst, Marc O and Banks, Martin S},
  journal={Nature},
  volume={415},
  number={6870},
  pages={429},
  year={2002},
  publisher={Nature Publishing Group}
}

@article{horst2011s,
  title={What’s new? Children prefer novelty in referent selection},
  author={Horst, Jessica S and Samuelson, Larissa K and Kucker, Sarah C and McMurray, Bob},
  journal={Cognition},
  volume={118},
  number={2},
  pages={234--244},
  year={2011},
  publisher={Elsevier}
}


@article{behne2005one,
  title={One-year-olds comprehend the communicative intentions behind gestures in a hiding game},
  author={Behne, Tanya and Carpenter, Malinda and Tomasello, Michael},
  journal={Developmental science},
  volume={8},
  number={6},
  pages={492--499},
  year={2005},
  publisher={Wiley Online Library}
}

@article{bohn2019natural,
  title={Natural reference: A phylo-and ontogenetic perspective on the comprehension of iconic gestures and vocalizations},
  author={Bohn, Manuel and Call, Josep and Tomasello, Michael},
  journal={Developmental Science},
  volume={22},
  number={2},
  pages={e12757},
  year={2019},
  publisher={Wiley Online Library}
}

@article{bohn2018social,
  title={The social-cognitive basis of infants’ reference to absent entities},
  author={Bohn, Manuel and Zimmermann, Luise and Call, Josep and Tomasello, Michael},
  journal={Cognition},
  volume={177},
  pages={41--48},
  year={2018},
  publisher={Elsevier}
}

@article{saylor2011s,
  title={What’s mine is mine: twelve-month-olds use possessive pronouns to identify referents},
  author={Saylor, Megan M and Ganea, Patricia A and V{\'a}zquez, Maria D},
  journal={Developmental Science},
  volume={14},
  number={4},
  pages={859--864},
  year={2011},
  publisher={Wiley Online Library}
}

@article{stiller2015ad,
  title={Ad-hoc implicature in preschool children},
  author={Stiller, Alex J and Goodman, Noah D and Frank, Michael C},
  journal={Language Learning and Development},
  volume={11},
  number={2},
  pages={176--190},
  year={2015},
  publisher={Taylor \& Francis}
}

 @article{markman1988children,
  title={Children's use of mutual exclusivity to constrain the meanings of words},
  author={Markman, Ellen M and Wachtel, Gwyn F},
  journal={Cognitive psychology},
  volume={20},
  number={2},
  pages={121--157},
  year={1988},
  publisher={Elsevier}
}

@article{gleitman1990structural,
  title={The structural sources of verb meanings},
  author={Gleitman, Lila},
  journal={Language acquisition},
  volume={1},
  number={1},
  pages={3--55},
  year={1990},
  publisher={Taylor \& Francis}
}


@incollection{clark1973s,
  title={What's in a word? On the child's acquisition of semantics in his first language},
  author={Clark, Eve V},
  booktitle={Cognitive development and acquisition of language},
  pages={65--110},
  year={1973},
  editor =	 {T. Moore},
  publisher={Academic Press},
  address =	 {New York}
}

@article{abend2017bootstrapping,
  title={Bootstrapping language acquisition},
  author={Abend, Omri and Kwiatkowski, Tom and Smith, Nathaniel J and Goldwater, Sharon and Steedman, Mark},
  journal={Cognition},
  volume={164},
  pages={116--143},
  year={2017},
  publisher={Elsevier}
}


@misc{dippl,
  title = {{The design and implementation of probabilistic programming languages}},
  author = {Goodman, Noah D and Stuhlm\"{u}ller, Andreas},
  year = {2014},
  howpublished = {\url{http://dippl.org}},
  note = {Accessed: 2019-3-29}
}

@Manual{R-rwebppl,
  title = {rwebppl: R Interface to WebPPL},
  year = {2019},
  author = {Mika Braginsky and Michael Henry Tessler and Robert Hawkins},
  note = {R package version 0.1.996},
  url = {https://github.com/mhtess/rwebppl},
}

@Article{R-lme4,
  title = {Fitting Linear Mixed-Effects Models Using {lme4}},
  author = {Douglas Bates and Martin M{\"a}chler and Ben Bolker and Steve Walker},
  journal = {Journal of Statistical Software},
  year = {2015},
  volume = {67},
  number = {1},
  pages = {1--48},
  doi = {10.18637/jss.v067.i01},
}


@Manual{R-base,
  title = {R: A Language and Environment for Statistical Computing},
  author = {{R Core Team}},
  organization = {R Foundation for Statistical Computing},
  address = {Vienna, Austria},
  year = {2018},
  }

@InProceedings{ChalnickBillman1988a,
  author =	 {A. Chalnick and D. Billman},
  title =	 {Unsupervised learning of correlational structure},
  booktitle =	 {Proceedings of the Tenth Annual Conference of the
                  Cognitive Science Society},
  pages =	 {510--516},
  year =	 1988,
  address =	 {Hillsdale, NJ},
  publisher =	 {Lawrence Erlbaum Associates}
}

@InCollection{Feigenbaum1963a,
  author =	 {E. A. Feigenbaum},
  title =	 {The simulation of verbal learning behavior},
  booktitle =	 {Computers and thought},
  publisher =	 {McGraw-Hill},
  year =	 1963,
  editor =	 {E. A. Feigenbaum and J. Feldman},
  address =	 {New York}
}

@Article{Hill1983a,
  author =	 {J. A. C. Hill},
  title =	 {A computational model of language acquisition in the
                  two-year old},
  journal =	 {Cognition and Brain Theory},
  year =	 1983,
  volume =	 6,
  pages =	 {287--317}
}

@TechReport{OhlssonLangley1985a,
  author =	 {S. Ohlsson and P. Langley},
  title =	 {Identifying solution paths in cognitive diagnosis},
  institution =	 {Carnegie Mellon University, The Robotics Institute},
  year =	 1985,
  address =	 {Pittsburgh, PA},
  number =	 {CMU-RI-TR-85-2}
}

@PhdThesis{Lewis1978a,
  author =	 {C. Lewis},
  title =	 {Production system models of practice effects},
  school =	 {Department of Psychology, University of Michigan,
                  Ann Arbor},
  year =	 1978,
  type =	 {Doctoral dissertation}
}

@Book{NewellSimon1972a,
  author =	 {A. Newell and H. A. Simon},
  title =	 {Human problem solving},
  publisher =	 {Prentice-Hall},
  year =	 1972,
  address =	 {Englewood Cliffs, NJ}
}

@Manual{bayesfactor,
  title = {BayesFactor: Computation of Bayes Factors for Common Designs},
  author = {Richard D. Morey and Jeffrey N. Rouder},
  year = {2024},
  note = {R package version 0.9.12-4.7},
  url = {https://CRAN.R-project.org/package=BayesFactor},
}

@Article{brms,
  title = {{brms}: An {R} Package for {Bayesian} Multilevel Models Using {Stan}},
  author = {Paul-Christian Bürkner},
  journal = {Journal of Statistical Software},
  year = {2017},
  volume = {80},
  number = {1},
  pages = {1--28},
  doi = {10.18637/jss.v080.i01},
  encoding = {UTF-8},
}

@Book{ShragerLangley1990a,
  editor =	 {J. Shrager and P. Langley},
  title =	 {Computational models of scientific discovery and
                  theory formation},
  publisher =	 {Morgan Kaufmann},
  year =	 1990,
  address =	 {San Mateo, CA}
}

@Manual{R-base,
  title = {R: A Language and Environment for Statistical Computing},
  author = {{R Core Team}},
  organization = {R Foundation for Statistical Computing},
  address = {Vienna, Austria},
  year = {2024},
  url = {https://www.R-project.org/},
}
@Manual{R-broom,
  title = {broom: Convert Statistical Analysis Objects into Tidy Tibbles},
  author = {David Robinson and Alex Hayes},
  year = {2018},
  note = {R package version 0.5.0},
  url = {https://CRAN.R-project.org/package=broom},
}
@Article{R-coda,
  title = {CODA: Convergence Diagnosis and Output Analysis for MCMC},
  author = {Martyn Plummer and Nicky Best and Kate Cowles and Karen Vines},
  journal = {R News},
  year = {2006},
  volume = {6},
  number = {1},
  pages = {7--11},
  url = {https://journal.r-project.org/archive/},
  pdf = {https://www.r-project.org/doc/Rnews/Rnews_2006-1.pdf},
}
@Manual{R-dplyr,
  title = {dplyr: A Grammar of Data Manipulation},
  author = {Hadley Wickham and Romain François and Lionel Henry and Kirill Müller},
  year = {2019},
  note = {R package version 0.8.0.1},
  url = {https://CRAN.R-project.org/package=dplyr},
}
@Manual{R-forcats,
  title = {forcats: Tools for Working with Categorical Variables (Factors)},
  author = {Hadley Wickham},
  year = {2019},
  note = {R package version 0.4.0},
  url = {https://CRAN.R-project.org/package=forcats},
}
@Book{R-ggplot2,
  author = {Hadley Wickham},
  title = {ggplot2: Elegant Graphics for Data Analysis},
  publisher = {Springer-Verlag New York},
  year = {2016},
  isbn = {978-3-319-24277-4},
  url = {http://ggplot2.org},
}
@Manual{R-ggthemes,
  title = {ggthemes: Extra Themes, Scales and Geoms for 'ggplot2'},
  author = {Jeffrey B. Arnold},
  year = {2019},
  note = {R package version 4.1.0},
  url = {https://CRAN.R-project.org/package=ggthemes},
}
@Book{R-knitr,
  title = {Dynamic Documents with {R} and knitr},
  author = {Yihui Xie},
  publisher = {Chapman and Hall/CRC},
  address = {Boca Raton, Florida},
  year = {2015},
  edition = {2nd},
  note = {ISBN 978-1498716963},
  url = {https://yihui.name/knitr/},
}
@Manual{R-langcog,
  title = {langcog: Language and Cognition Lab Things},
  author = {Mika Braginsky and Dan Yurovsky and Michael Frank},
  note = {R package version 0.1.9001},
  url = {http://github.com/langcog/langcog},
}
@Article{R-lme4,
  title = {Fitting Linear Mixed-Effects Models Using {lme4}},
  author = {Douglas Bates and Martin M{\"a}chler and Ben Bolker and Steve Walker},
  journal = {Journal of Statistical Software},
  year = {2015},
  volume = {67},
  number = {1},
  pages = {1--48},
  doi = {10.18637/jss.v067.i01},
}
@Manual{R-Matrix,
  title = {Matrix: Sparse and Dense Matrix Classes and Methods},
  author = {Douglas Bates and Martin Maechler},
  year = {2018},
  note = {R package version 1.2-14},
  url = {https://CRAN.R-project.org/package=Matrix},
}
@Manual{R-matrixStats,
  title = {matrixStats: Functions that Apply to Rows and Columns of Matrices (and to
Vectors)},
  author = {Henrik Bengtsson},
  year = {2018},
  note = {R package version 0.54.0},
  url = {https://CRAN.R-project.org/package=matrixStats},
}

@article{sterelny2017code,
  title={From code to speaker meaning},
  author={Sterelny, Kim},
  journal={Biology \& Philosophy},
  volume={32},
  number={6},
  pages={819--838},
  year={2017},
  publisher={Springer}
}

@Manual{R-papaja,
  author = {Frederik Aust and Marius Barth},
  title = {{papaja}: {Create} {APA} manuscripts with {R Markdown}},
  year = {2018},
  note = {R package version 0.1.0.9709},
  url = {https://github.com/crsh/papaja},
}
@Manual{R-purrr,
  title = {purrr: Functional Programming Tools},
  author = {Lionel Henry and Hadley Wickham},
  year = {2019},
  note = {R package version 0.3.1},
  url = {https://CRAN.R-project.org/package=purrr},
}
@Manual{R-readr,
  title = {readr: Read Rectangular Text Data},
  author = {Hadley Wickham and Jim Hester and Romain Francois},
  year = {2018},
  note = {R package version 1.3.1},
  url = {https://CRAN.R-project.org/package=readr},
}
@Manual{R-readxl,
  title = {readxl: Read Excel Files},
  author = {Hadley Wickham and Jennifer Bryan},
  year = {2018},
  note = {R package version 1.1.0},
  url = {https://CRAN.R-project.org/package=readxl},
}
@Manual{R-rwebppl,
  title = {rwebppl: R Interface to WebPPL},
  author = {Mika Braginsky and Michael Henry Tessler and Robert Hawkins},
  note = {R package version 0.1.996},
  url = {https://github.com/mhtess/rwebppl},
}
@Manual{R-stringr,
  title = {stringr: Simple, Consistent Wrappers for Common String Operations},
  author = {Hadley Wickham},
  year = {2019},
  note = {R package version 1.4.0},
  url = {https://CRAN.R-project.org/package=stringr},
}
@Manual{R-tibble,
  title = {tibble: Simple Data Frames},
  author = {Kirill Müller and Hadley Wickham},
  year = {2019},
  note = {R package version 2.1.1},
  url = {https://CRAN.R-project.org/package=tibble},
}
@Manual{R-tidyr,
  title = {tidyr: Easily Tidy Data with 'spread()' and 'gather()' Functions},
  author = {Hadley Wickham and Lionel Henry},
  year = {2019},
  note = {R package version 0.8.3},
  url = {https://CRAN.R-project.org/package=tidyr},
}
@Manual{R-tidyverse,
  title = {tidyverse: Easily Install and Load the 'Tidyverse'},
  author = {Hadley Wickham},
  year = {2017},
  note = {R package version 1.2.1},
  url = {https://CRAN.R-project.org/package=tidyverse},
}
@Manual{R-exactRankTests,
  title = {exactRankTests: Exact Distributions for Rank and Permutation Tests},
  author = {Torsten Hothorn and Kurt Hornik},
  year = {2019},
  note = {R package version 0.8-30},
  url = {https://CRAN.R-project.org/package=exactRankTests},
}
@Manual{R-ggpubr,
  title = {ggpubr: 'ggplot2' Based Publication Ready Plots},
  author = {Alboukadel Kassambara},
  year = {2019},
  note = {R package version 0.2.3},
  url = {https://CRAN.R-project.org/package=ggpubr},
}
@Manual{R-magrittr,
  title = {magrittr: A Forward-Pipe Operator for R},
  author = {Stefan Milton Bache and Hadley Wickham},
  year = {2014},
  note = {R package version 1.5},
  url = {https://CRAN.R-project.org/package=magrittr},
}
@Manual{R-lsr,
  title = {Learning statistics with R: A tutorial for psychology students and other beginners. (Version 0.5)},
  author = {Daniel Navarro},
  organization = {University of Adelaide},
  address = {Adelaide, Australia},
  year = {2015},
  note = {R package version 0.5},
  url = {http://ua.edu.au/ccs/teaching/lsr},
}
